@ARTICLE{2022AJ....163...63M,
       author = {{Matsuo}, Taro and {Greene}, Thomas P. and {\textbf{Qezlou}}, \textbf{Mahdi} and {Bird}, Simeon and {Ichiki}, Kiyotomo and {Fujii}, Yuka and {Yamamuro}, Tomoyasu},
        title = "{Densified Pupil Spectrograph as High-precision Radial Velocimetry: From Direct Measurement of the Universe's Expansion History to Characterization of Nearby Habitable Planet Candidates}",
      journal = {\aj},
     keywords = {2096, 1179, 1776, 1556, 502, 1332, 1244, Astrophysics - Instrumentation and Methods for Astrophysics, Astrophysics - Cosmology and Nongalactic Astrophysics, Astrophysics - Earth and Planetary Astrophysics},
         year = 2022,
        month = feb,
       volume = {163},
       number = {2},
          eid = {63},
        pages = {63},
          doi = {10.3847/1538-3881/ac397b},
archivePrefix = {arXiv},
       eprint = {2111.06766},
 primaryClass = {astro-ph.IM},
       adsurl = {https://ui.adsabs.harvard.edu/abs/2022AJ....163...63M},
      adsnote = {Provided by the SAO/NASA Astrophysics Data System}
}



@ARTICLE{2023arXiv230605471B,
       author = {{Bird}, Simeon and {Fernandez}, Martin and {Ho}, Ming-Feng and {\textbf{Qezlou}}, \textbf{Mahdi} and {Monadi}, Reza and {Ni}, Yueying and {Chen}, Nianyi and {Croft}, Rupert and {Di Matteo}, Tiziana},
        title = "{PRIYA: A New Suite of Lyman-alpha Forest Simulations for Cosmology}",
      journal = {arXiv e-prints},
     keywords = {Astrophysics - Cosmology and Nongalactic Astrophysics, Astrophysics - Astrophysics of Galaxies},
         year = 2023,
        month = jun,
          eid = {arXiv:2306.05471},
        pages = {arXiv:2306.05471},
          doi = {10.48550/arXiv.2306.05471},
archivePrefix = {arXiv},
       eprint = {2306.05471},
 primaryClass = {astro-ph.CO},
       adsurl = {https://ui.adsabs.harvard.edu/abs/2023arXiv230605471B},
      adsnote = {Provided by the SAO/NASA Astrophysics Data System}
}

@ARTICLE{2024ApJ...961...27N,
       author = {{Newman}, Andrew B. and {\textbf{Qezlou}}, \textbf{Mahdi} and {Chartab}, Nima and {Rudie}, Gwen C. and {Blanc}, Guillermo A. and {Bird}, Simeon and {Benson}, Andrew J. and {Kelson}, Daniel D. and {Lemaux}, Brian C.},
        title = "{LATIS: Constraints on the Galaxy-Halo Connection at z   2.5 from Galaxy-Galaxy and Galaxy-Ly{\ensuremath{\alpha}} Clustering}",
      journal = {\apj},
     keywords = {Galaxy dark matter halos, Lyman alpha forest, Lyman-break galaxies, 1880, 980, 979, Astrophysics - Cosmology and Nongalactic Astrophysics, Astrophysics - Astrophysics of Galaxies},
         year = 2024,
        month = jan,
       volume = {961},
       number = {1},
          eid = {27},
        pages = {27},
          doi = {10.3847/1538-4357/ad0896},
archivePrefix = {arXiv},
       eprint = {2311.00184},
 primaryClass = {astro-ph.CO},
       adsurl = {https://ui.adsabs.harvard.edu/abs/2024ApJ...961...27N},
      adsnote = {Provided by the SAO/NASA Astrophysics Data System}
}

