@ARTICLE{2023arXiv231006010T,
       author = {{Tohfa}, Hurum and {Bird}, Simeon and {Ho}, Ming-Feng and {\textbf{Qezlou}}, \textbf{Mahdi} and {Ferandez}, Martin},
        title = "{Forecast Cosmological Constraints with the 1D Wavelet Scattering Transform and the Lyman-$\alpha$ forest}",
      journal = {arXiv e-prints},
     keywords = {Astrophysics - Cosmology and Nongalactic Astrophysics},
         year = 2023,
        month = oct,
          eid = {arXiv:2310.06010},
        pages = {arXiv:2310.06010},
          doi = {10.48550/arXiv.2310.06010},
archivePrefix = {arXiv},
       eprint = {2310.06010},
 primaryClass = {astro-ph.CO},
       adsurl = {https://ui.adsabs.harvard.edu/abs/2023arXiv231006010T},
      adsnote = {Provided by the SAO/NASA Astrophysics Data System}
}

