

@ARTICLE{2022ApJ...930..109Q,
       author = {{\textbf{Qezlou}}, \textbf{Mahdi} and {Newman}, Andrew B. and {Rudie}, Gwen C. and {Bird}, Simeon},
        title = "{Characterizing Protoclusters and Protogroups at z 2.5 Using Ly{\ensuremath{\alpha}} Tomography}",
      journal = {\apj},
     keywords = {Dark matter distribution, Large-scale structure of the universe, Galaxy environments, Protoclusters, Lyman alpha forest, Intergalactic medium, Dark matter density, Magnetohydrodynamical simulations, 356, 902, 2029, 1297, 980, 813, 354, 1966, Astrophysics - Astrophysics of Galaxies, Astrophysics - Cosmology and Nongalactic Astrophysics},
         year = 2022,
        month = may,
       volume = {930},
       number = {2},
          eid = {109},
        pages = {109},
          doi = {10.3847/1538-4357/ac6259},
archivePrefix = {arXiv},
       eprint = {2112.03930},
 primaryClass = {astro-ph.GA},
       adsurl = {https://ui.adsabs.harvard.edu/abs/2022ApJ...930..109Q},
      adsnote = {Provided by the SAO/NASA Astrophysics Data System}
}

@ARTICLE{2022Natur.606..475N,
       author = {{Newman}, Andrew B. and {Rudie}, Gwen C. and {Blanc}, Guillermo A. and {\textbf{Qezlou}}, \textbf{Mahdi} and {Bird}, Simeon and {Kelson}, Daniel D. and {P{\'e}rez}, Victoria and {Congiu}, Enrico and {Lemaux}, Brian C. and {Dressler}, Alan and {Mulchaey}, John S.},
        title = "{A population of ultraviolet-dim protoclusters detected in absorption}",
      journal = {\nat},
     keywords = {Astrophysics - Astrophysics of Galaxies},
         year = 2022,
        month = jun,
       volume = {606},
       number = {7914},
        pages = {475-478},
          doi = {10.1038/s41586-022-04681-6},
archivePrefix = {arXiv},
       eprint = {2206.07661},
 primaryClass = {astro-ph.GA},
       adsurl = {https://ui.adsabs.harvard.edu/abs/2022Natur.606..475N},
      adsnote = {Provided by the SAO/NASA Astrophysics Data System}
}

@ARTICLE{2023MNRAS.524.1933Q,
       author = {{\textbf{Qezlou}}, \textbf{Mahdi} and {Bird}, Simeon and {Lidz}, Adam and {Sun}, Guochao and {Newman}, Andrew B. and {Rudie}, Gwen C. and {Ni}, Yueying and {Croft}, Rupert and {Di Matteo}, Tiziana},
        title = "{Boosting line intensity map signal-to-noise ratio with the Ly-{\ensuremath{\alpha}} forest cross-correlation}",
      journal = {\mnras},
     keywords = {galaxies: high-redshift, intergalactic medium, large-scale structure of Universe, Astrophysics - Cosmology and Nongalactic Astrophysics, Astrophysics - Astrophysics of Galaxies, Astrophysics - Instrumentation and Methods for Astrophysics},
         year = 2023,
        month = sep,
       volume = {524},
       number = {2},
        pages = {1933-1945},
          doi = {10.1093/mnras/stad1906},
archivePrefix = {arXiv},
       eprint = {2303.17632},
 primaryClass = {astro-ph.CO},
       adsurl = {https://ui.adsabs.harvard.edu/abs/2023MNRAS.524.1933Q},
      adsnote = {Provided by the SAO/NASA Astrophysics Data System}
}
